


@article{marasanu,
author={G. M\u{a}r\u{a}\c{s}anu \c{s}i L. G. Ladunca},
title={Matematic\u{a} pentru Olimpiade, Concursuri \c{s}i Centre de excelen\c{t}\u{a}. Clasa a XI-a},
journal={Taida},
year={2014}
}

@article{niculescu,
author={Constantin P. Niculescu È™i Lars-Erik Persson},
title={Convex functions and their applications: A contemporary approach},
journal={Second Edition, Springer},
year={2018}
}

@article{pop,
author={V. Pop (coord.)},
title={Matematic\u{a} de excelen\c{t}\u{a}, Clasa a 11-a, Vol. 2-Analiz\u{a} Matematic\u{a}},
journal={Paralela 45},
year={2016}
}


@article{siretchi,
author={Gh. Sire\c{t}chi},
title={Calcul Diferen\c{t}ial \c{s}i Integral, vol. 1, no\c{t}iuni fundamentale},
journal={Ed. \c{S}tiin\c{t}ific\u{a} \c{s}i Enciclopedic\u{a}},
year={1985}
}

@article{steele,
author={J. Michael Steele},
title={The Cauchy-Schwarz Master Class: An Introduction to the Art of Mathematical Inequalities},
journal={Cambridge University Press},
year={2004}
}
